<collection xmlns="http://www.loc.gov/MARC21/slim">
<record>
  <leader>03654nam0a2200601 i 450 </leader>
  <controlfield tag="001">IT\ICCU\CNCE\032813</controlfield>
  <controlfield tag="005">20150929000000.0</controlfield>
  <datafield tag="012" ind1=" " ind2=" ">
    <subfield code="a">s,o- m.an etne HPFP (3) 1551 (R)</subfield>
    <subfield code="2">fei</subfield>
    <subfield code="9">A</subfield>
  </datafield>
  <datafield tag="012" ind1=" " ind2=" ">
    <subfield code="a">s,o- m.an n-u- miar (7) 1551 (R)</subfield>
    <subfield code="2">fei</subfield>
    <subfield code="9">B</subfield>
  </datafield>
  <datafield tag="100" ind1=" " ind2=" ">
    <subfield code="a">19971216d1551        0itac0103    ba</subfield>
  </datafield>
  <datafield tag="101" ind1=" " ind2=" ">
    <subfield code="a">LAT</subfield>
  </datafield>
  <datafield tag="102" ind1=" " ind2=" ">
    <subfield code="a">IT</subfield>
  </datafield>
  <datafield tag="200" ind1="1" ind2=" ">
    <subfield code="a">Nouae theoricae planetarum Georgii Peurbachij astronomi celeberrimi: temporis importunitate et hominum iniuria locis compluribus conspurcatae,  ̉Petro Apiano mathematicae rei ordinario Ingolstadiano iam ad omnem ueritatem redactae, &amp; eruditis figuris illustratae</subfield>
  </datafield>
  <datafield tag="210" ind1=" " ind2=" ">
    <subfield code="e">Venetijs</subfield>
    <subfield code="g">per Petrum de Nicolinis Sabiensis</subfield>
    <subfield code="g">sumptu &amp; requisitione Melchioris Sessae</subfield>
    <subfield code="h">1551</subfield>
  </datafield>
  <datafield tag="215" ind1=" " ind2=" ">
    <subfield code="a">40 c.</subfield>
    <subfield code="c">ill.</subfield>
    <subfield code="d">8ʻ</subfield>
  </datafield>
  <datafield tag="300" ind1=" " ind2=" ">
    <subfield code="a">Var.A: la c. 13 correttamente numerata. - Var. B: La c. 13 numerata 31</subfield>
  </datafield>
  <datafield tag="620" ind1=" " ind2=" ">
    <subfield code="a">IT</subfield>
    <subfield code="d">Venezia</subfield>
  </datafield>
  <datafield tag="700" ind1=" " ind2="1">
    <subfield code="a">Peurbach,</subfield>
    <subfield code="b">Georg</subfield>
    <subfield code="3">IT\ICCU\CNCA\005031</subfield>
  </datafield>
  <datafield tag="702" ind1=" " ind2="1">
    <subfield code="a">Apianus,</subfield>
    <subfield code="b">Petrus</subfield>
    <subfield code="3">IT\ICCU\CNCA\003133</subfield>
  </datafield>
  <datafield tag="712" ind1="0" ind2="0">
    <subfield code="a">Nicolini da Sabbio, Pietro</subfield>
    <subfield code="3">IT\ICCU\CNCT\000059</subfield>
    <subfield code="4">650</subfield>
  </datafield>
  <datafield tag="712" ind1="0" ind2="0">
    <subfield code="a">Sessa, Melchiorre</subfield>
    <subfield code="c"> &lt;1.&gt;</subfield>
    <subfield code="3">IT\ICCU\CNCT\000057</subfield>
    <subfield code="4">650</subfield>
  </datafield>
  <datafield tag="790" ind1=" " ind2="0">
    <subfield code="a">Georgius</subfield>
    <subfield code="c"> : Peurbachius</subfield>
    <subfield code="3">IT\ICCU\CNCA\014109</subfield>
    <subfield code="z">Peurbach, Georg</subfield>
  </datafield>
  <datafield tag="790" ind1=" " ind2="1">
    <subfield code="a">Purbach,</subfield>
    <subfield code="b">Georg</subfield>
    <subfield code="3">IT\ICCU\CNCA\023079</subfield>
    <subfield code="z">Peurbach, Georg</subfield>
  </datafield>
  <datafield tag="790" ind1=" " ind2="1">
    <subfield code="a">Peurbachius,</subfield>
    <subfield code="b">Georgius</subfield>
    <subfield code="3">IT\ICCU\CNCA\023086</subfield>
    <subfield code="z">Peurbach, Georg</subfield>
  </datafield>
  <datafield tag="790" ind1=" " ind2="1">
    <subfield code="a">Bienewitz,</subfield>
    <subfield code="b">Peter</subfield>
    <subfield code="3">IT\ICCU\CNCA\007967</subfield>
    <subfield code="z">Apianus, Petrus</subfield>
  </datafield>
  <datafield tag="790" ind1=" " ind2="1">
    <subfield code="a">Apian,</subfield>
    <subfield code="b">Peter</subfield>
    <subfield code="3">IT\ICCU\CNCA\012572</subfield>
    <subfield code="z">Apianus, Petrus</subfield>
  </datafield>
  <datafield tag="791" ind1="0" ind2="0">
    <subfield code="a">Nicolini, Pietro</subfield>
    <subfield code="3">IT\ICCU\CNCT\005122</subfield>
    <subfield code="z">Nicolini da Sabbio, Pietro</subfield>
  </datafield>
  <datafield tag="791" ind1="0" ind2="0">
    <subfield code="a">Nicolinis de Sabio, Petrus de</subfield>
    <subfield code="3">IT\ICCU\CNCT\005123</subfield>
    <subfield code="z">Nicolini da Sabbio, Pietro</subfield>
  </datafield>
  <datafield tag="791" ind1="0" ind2="0">
    <subfield code="a">Nicolinis Sabiensis, Petrus de</subfield>
    <subfield code="3">IT\ICCU\CNCT\005124</subfield>
    <subfield code="z">Nicolini da Sabbio, Pietro</subfield>
  </datafield>
  <datafield tag="791" ind1="0" ind2="0">
    <subfield code="a">Sessa, Marchio</subfield>
    <subfield code="c"> &lt;1.&gt;</subfield>
    <subfield code="3">IT\ICCU\CNCT\005661</subfield>
    <subfield code="z">Sessa, Melchiorre &lt;1.&gt;</subfield>
  </datafield>
  <datafield tag="801" ind1=" " ind2="3">
    <subfield code="a">IT</subfield>
    <subfield code="b">ICCU</subfield>
    <subfield code="c">20201114</subfield>
  </datafield>
  <datafield tag="899" ind1=" " ind2=" ">
    <subfield code="a">Biblioteca estera - Biblioteca Nacional de Espaą. Madrid</subfield>
    <subfield code="z">(Var. A)</subfield>
    <subfield code="1">AA0001</subfield>
  </datafield>
  <datafield tag="899" ind1=" " ind2=" ">
    <subfield code="a">Biblioteca universitaria. Bologna</subfield>
    <subfield code="z">(Var. A)</subfield>
    <subfield code="1">BO0098</subfield>
    <subfield code="2">UBO BU</subfield>
  </datafield>
  <datafield tag="899" ind1=" " ind2=" ">
    <subfield code="a">Biblioteca universitaria. Cagliari</subfield>
    <subfield code="1">CA0194</subfield>
    <subfield code="2">CAG UC</subfield>
  </datafield>
  <datafield tag="899" ind1=" " ind2=" ">
    <subfield code="a">Biblioteca del Museo nazionale della scienza e della tecnologia Leonardo da Vinci. Milano</subfield>
    <subfield code="1">MI0338</subfield>
    <subfield code="2">ZMI 13</subfield>
  </datafield>
  <datafield tag="899" ind1=" " ind2=" ">
    <subfield code="a">Biblioteca nazionale Vittorio Emanuele III. Napoli</subfield>
    <subfield code="z">(Var. A)</subfield>
    <subfield code="1">NA0079</subfield>
    <subfield code="2">NAP BN</subfield>
  </datafield>
  <datafield tag="899" ind1=" " ind2=" ">
    <subfield code="a">Biblioteca civica. Padova</subfield>
    <subfield code="1">PD0090</subfield>
    <subfield code="2">PUV 55</subfield>
  </datafield>
  <datafield tag="899" ind1=" " ind2=" ">
    <subfield code="a">Biblioteca universitaria. Padova</subfield>
    <subfield code="z">(Var.B)</subfield>
    <subfield code="1">PD0158</subfield>
    <subfield code="2">PUV 00</subfield>
  </datafield>
  <datafield tag="899" ind1=" " ind2=" ">
    <subfield code="a">Biblioteca dell&apos;Abbazia di S. Pietro. Perugia</subfield>
    <subfield code="1">PG0080</subfield>
    <subfield code="2">UM1 43</subfield>
  </datafield>
  <datafield tag="899" ind1=" " ind2=" ">
    <subfield code="a">Biblioteca comunale Augusta. Perugia</subfield>
    <subfield code="1">PG0109</subfield>
    <subfield code="2">UM1 01</subfield>
  </datafield>
  <datafield tag="899" ind1=" " ind2=" ">
    <subfield code="a">Biblioteca Oliveriana. Pesaro</subfield>
    <subfield code="1">PU0061</subfield>
    <subfield code="2">URB OL</subfield>
  </datafield>
  <datafield tag="899" ind1=" " ind2=" ">
    <subfield code="a">Biblioteca centrale dell&apos;Area umanistica dell&apos;Universit ̉degli studi di Urbino. Urbino</subfield>
    <subfield code="1">PU0206</subfield>
    <subfield code="2">URB AU</subfield>
  </datafield>
  <datafield tag="899" ind1=" " ind2=" ">
    <subfield code="a">Biblioteca del Collegio Ghislieri. Pavia</subfield>
    <subfield code="1">PV0079</subfield>
    <subfield code="2">PAV C2</subfield>
  </datafield>
  <datafield tag="899" ind1=" " ind2=" ">
    <subfield code="a">Biblioteca universitaria. Pavia</subfield>
    <subfield code="z">(Var.B)</subfield>
    <subfield code="1">PV0291</subfield>
    <subfield code="2">MIL UP</subfield>
  </datafield>
  <datafield tag="899" ind1=" " ind2=" ">
    <subfield code="a">Biblioteca  Panizzi. Reggio Emilia</subfield>
    <subfield code="1">RE0052</subfield>
    <subfield code="2">RE2 PA</subfield>
  </datafield>
  <datafield tag="899" ind1=" " ind2=" ">
    <subfield code="a">Biblioteca dell&apos;Osservatorio astronomico di Roma. Sede di Roma. Roma</subfield>
    <subfield code="1">RM0160</subfield>
    <subfield code="2">RMS F6</subfield>
  </datafield>
  <datafield tag="899" ind1=" " ind2=" ">
    <subfield code="a">Biblioteca della Societ ̉geografica italiana. Roma</subfield>
    <subfield code="1">RM0238</subfield>
    <subfield code="2">IEI SG</subfield>
  </datafield>
  <datafield tag="899" ind1=" " ind2=" ">
    <subfield code="a">Biblioteca nazionale centrale. Roma</subfield>
    <subfield code="1">RM0267</subfield>
    <subfield code="2">BVE CR</subfield>
  </datafield>
  <datafield tag="899" ind1=" " ind2=" ">
    <subfield code="a">Biblioteca dell&apos;Accademia nazionale dei Lincei e Corsiniana. Roma</subfield>
    <subfield code="1">RM0418</subfield>
    <subfield code="2">RML 10</subfield>
  </datafield>
  <datafield tag="899" ind1=" " ind2=" ">
    <subfield code="a">Biblioteca dell&apos;Opera pia del collegio Nazareno. Roma</subfield>
    <subfield code="z">(Var.A)</subfield>
    <subfield code="1">RM0654</subfield>
    <subfield code="2">RMS M4</subfield>
  </datafield>
  <datafield tag="899" ind1=" " ind2=" ">
    <subfield code="a">Biblioteca civica. Verona</subfield>
    <subfield code="1">VR0059</subfield>
    <subfield code="2">ZVR 02</subfield>
  </datafield>
  <datafield tag="911" ind1=" " ind2=" ">
    <subfield code="a">In fine</subfield>
    <subfield code="9">IT\ICCU\CNCM\000964</subfield>
  </datafield>
  <datafield tag="921" ind1=" " ind2=" ">
    <subfield code="a">IT\ICCU\CNCM\000964</subfield>
    <subfield code="b">Gatta con topo in bocca allatta due gattini. In cornice figurata.</subfield>
    <subfield code="c">U51</subfield>
    <subfield code="d">Dimensioni: 4,8 x 5</subfield>
    <subfield code="f">GATTA</subfield>
    <subfield code="f">TOPO</subfield>
    <subfield code="g">[1540?]-1597</subfield>
  </datafield>
</record>
</collection>
